% Encoding: UTF-8

@Article{cobb2013,
  author    = {Cobb-Clark, Deborah A and Schurer, Stefanie},
  title     = {Two economists' musings on the stability of locus of control},
  journal   = {The Economic Journal},
  year      = {2013},
  volume    = {123},
  number    = {570},
  publisher = {Wiley Online Library},
}

@Article{alesina2002,
  author    = {Alesina, Alberto and La Ferrara, Eliana},
  title     = {Who trusts others?},
  journal   = {Journal of public economics},
  year      = {2002},
  volume    = {85},
  number    = {2},
  pages     = {207--234},
  publisher = {Elsevier},
}

@Article{buddelmeyer2016,
  author    = {Buddelmeyer, Hielke and Powdthavee, Nattavudh},
  title     = {Can having internal locus of control insure against negative shocks? Psychological evidence from panel data},
  journal   = {Journal of Economic Behavior \& Organization},
  year      = {2016},
  volume    = {122},
  pages     = {88--109},
  publisher = {Elsevier},
}

@Article{specht2013,
  author    = {Specht, Jule and Egloff, Boris and Schmukle, Stefan C},
  title     = {Everything under control? The effects of age, gender, and education on trajectories of perceived control in a nationally representative German sample.},
  journal   = {Developmental psychology},
  year      = {2013},
  volume    = {49},
  number    = {2},
  pages     = {353},
  publisher = {American Psychological Association},
}

@Article{piatek2016,
  author    = {Piatek, R{\'e}mi and Pinger, Pia},
  title     = {Maintaining (locus of) control? Data combination for the identification and inference of factor structure models},
  journal   = {Journal of Applied Econometrics},
  year      = {2016},
  volume    = {31},
  number    = {4},
  pages     = {734--755},
  publisher = {Wiley Online Library},
}

@Article{rotter1966,
  author    = {Rotter, Julian B},
  title     = {Generalized expectancies for internal versus external control of reinforcement.},
  journal   = {Psychological monographs: General and applied},
  year      = {1966},
  volume    = {80},
  number    = {1},
  pages     = {1},
  publisher = {American Psychological Association},
}

@Article{heineck2010,
  author    = {Heineck, Guido and Anger, Silke},
  title     = {The returns to cognitive abilities and personality traits in Germany},
  journal   = {Labour Economics},
  year      = {2010},
  volume    = {17},
  number    = {3},
  pages     = {535--546},
  publisher = {Elsevier},
}

@Article{piatek2010,
  author = {Piatek, R{\'e}mi and Pinger, Pia},
  title  = {Maintaining (locus of) control? Assessing the impact of locus of control on education decisions and wages},
  year   = {2010},
}

@Article{preuss2017,
  author      = {Preuss, Malte and Hennecke, Juliane},
  title       = {Biased by success and failure: How unemployment shapes stated locus of control},
  year        = {2017},
  institution = {Discussion Paper, School of Business \& Economics: Economics},
}

@Article{semykina2007,
  author    = {Semykina, Anastasia and Linz, Susan J},
  title     = {Gender differences in personality and earnings: Evidence from Russia},
  journal   = {Journal of Economic Psychology},
  year      = {2007},
  volume    = {28},
  number    = {3},
  pages     = {387--410},
  publisher = {Elsevier},
}

@Article{gsoep2017,
  author  = {GSOEP},
  title   = {German Socio Economic Panel (GSOEP): data for years 1984-2015, version 32i.1},
  journal = {GSOEP German Socio-Economic Panel Study},
  year    = {2017},
  doi     = {https://doi.org/10.5684/soep.v32i.1},
}

@Article{borghans2008,
  author    = {Borghans, Lex and Duckworth, Angela Lee and Heckman, James J and Ter Weel, Bas},
  title     = {The economics and psychology of personality traits},
  journal   = {Journal of human Resources},
  year      = {2008},
  volume    = {43},
  number    = {4},
  pages     = {972--1059},
  publisher = {University of Wisconsin Press},
}

@Article{rammstedt2010,
  author    = {Rammstedt, Beatrice and Goldberg, Lewis R and Borg, Ingwer},
  title     = {The measurement equivalence of Big-Five factor markers for persons with different levels of education},
  journal   = {Journal of Research in Personality},
  year      = {2010},
  volume    = {44},
  number    = {1},
  pages     = {53--61},
  publisher = {Elsevier},
}

@Article{rammstedt2011,
  author    = {Rammstedt, Beatrice and Kemper, CJ},
  title     = {Measurement equivalence of the Big Five: Shedding further light on potential causes of the educational bias},
  journal   = {Journal of Research in Personality},
  year      = {2011},
  volume    = {45},
  number    = {1},
  pages     = {121--125},
  publisher = {Elsevier},
}

@Misc{golsteyn2017,
  author    = {Golsteyn, Bart and Schildberg-H{\"o}risch, Hannah},
  title     = {Challenges in Research on Preferences and Personality Traits: Measurement, Stability, and Inference},
  year      = {2017},
  publisher = {Elsevier},
}

@Article{gallo2003,
  author  = {Gallo, William T and Endrass, Jerome and Bradley, Elizabeth H and Hell, Daniel and Kasl, Stanislav V},
  title   = {The influence of internal control on the employment status of German workers},
  journal = {Schmollers Jahrbuch},
  year    = {2003},
  volume  = {123},
  number  = {1},
  pages   = {71--81},
}

@Article{cobb2014,
  author    = {Cobb-Clark, Deborah A and Kassenboehmer, Sonja C and Schurer, Stefanie},
  title     = {Healthy habits: The connection between diet, exercise, and locus of control},
  journal   = {Journal of Economic Behavior \& Organization},
  year      = {2014},
  volume    = {98},
  pages     = {1--28},
  publisher = {Elsevier},
}

@Article{autor2003,
  author    = {Autor, David H},
  title     = {Outsourcing at will: The contribution of unjust dismissal doctrine to the growth of employment outsourcing},
  journal   = {Journal of labor economics},
  year      = {2003},
  volume    = {21},
  number    = {1},
  pages     = {1--42},
  publisher = {The University of Chicago Press},
}

@TechReport{richter2017,
  author      = {Richter, David and Roher, Julia and Metzing, Maria and Nestler, Wiebke and Weinhardt, Michael and Schupp, J{\"u}rgen},
  title       = {SOEP Scales Manual (updated for SOEP-Core v32. 1)},
  institution = {SOEP Survey Papers},
  year        = {2017},
}

@Comment{jabref-meta: databaseType:biblatex;}
